%% This BibTeX bibliography file was created using BibDesk.
%% http://bibdesk.sourceforge.net/

%% Created for Gerson Suny√© at 2016-10-20 10:44:55 +0200 


%% Saved with string encoding Unicode (UTF-8) 



@misc{cont-non-fonc,
	Date-Added = {2016-10-20 08:44:48 +0000},
	Date-Modified = {2016-10-20 08:44:48 +0000},
	Note = {http://www.gracehopper.org/Proceedings/PDF/ni\_Hill.pdf},
	Title = {Quantifying Non-Functional Requirements: A Process Oriented Approach}}

@misc{xml-hib,
	Date-Added = {2016-10-20 08:44:48 +0000},
	Date-Modified = {2016-10-20 08:44:48 +0000},
	Note = {http://www.xml-persistence.net/file/xmlpersistence.pdf},
	Title = {Persistance XML avec Hibernate}}

@book{Cockburn:2000,
	Address = {Boston, MA, USA},
	Author = {Cockburn, Alistair},
	Date-Added = {2016-10-20 06:48:20 +0000},
	Date-Modified = {2016-10-20 06:48:32 +0000},
	Edition = {1st},
	Isbn = {0201702258},
	Publisher = {Addison-Wesley Longman Publishing Co., Inc.},
	Title = {Writing Effective Use Cases},
	Year = {2000}}
